@inproceedings{gomes2015cooperative,
  title={Cooperative coevolution of morphologically heterogeneous robots},
  author={Gomes, Jorge and Mariano, Pedro and Christensen, Anders Lyhne}
}

@article{duarte2016evolution,
  title={Evolution of collective behaviors for a real swarm of aquatic surface robots},
  author={Duarte, Miguel and Costa, Vasco and Gomes, Jorge and Rodrigues, Tiago and Silva, Fernando and Oliveira, Sancho Moura and Christensen, Anders Lyhne},
  journal={PloS one},
  volume={11},
  number={3},
  pages={e0151834},
  year={2016},
  publisher={Public Library of Science}
}

@inproceedings{pugh2007parallel,
  title={Parallel learning in heterogeneous multi-robot swarms},
  author={Pugh, Jim and Martinoli, Alcherio},
  booktitle={Evolutionary Computation, 2007. CEC 2007. IEEE Congress on},
  pages={3839--3846},
  year={2007},
  organization={IEEE}
}

@book{hamann2012towards,
  title={Towards morphological flexibility: modular robotics and bio-inspired control},
  author={Hamann, Heiko and Stradner, J{\"u}rgen and Schmickl, Thomas},
  year={2012},
  publisher={na}
}

@inproceedings{mathews2012supervised,
  title={Supervised morphogenesis: morphology control of ground-based self-assembling robots by aerial robots},
  author={Mathews, Nithin and Stranieri, Alessandro and Scheidler, Alexander and Dorigo, Marco},
  booktitle={Proceedings of the 11th International Conference on Autonomous Agents and Multiagent Systems-Volume 1},
  pages={97--104},
  year={2012},
  organization={International Foundation for Autonomous Agents and Multiagent Systems}
}

@article{dorigo2013novel,
  title={A novel concept for the study of heterogeneous robotic swarms},
  author={Dorigo, Marco and Floreano, Dario and Gambardella, Luca Maria and Mondada, Francesco and Nolfi, Stefano and Baaboura, Tarek and Birattari, Mauro and Bonani, Michael and Brambilla, Manuele and Brutschy, Arne and others},
  journal={IEEE Robotics \& Automation Magazine},
  volume={1070},
  number={9932/13},
  year={2013}
}

@book{vostinar2017suicide,
  title={Suicide, Signals, and Symbionts: Evolving Cooperation in Agent-Based Systems},
  author={Vostinar, Anya E},
  year={2017},
  publisher={Michigan State University}
}

@inproceedings{perez2003effects,
  title={Effects of group composition and level of selection in the evolution of cooperation in artificial ants},
  author={Perez-Uribe, Andres and Floreano, Dario and Keller, Laurent},
  booktitle={European Conference on Artificial Life},
  pages={128--137},
  year={2003},
  organization={Springer}
}

@inproceedings{kernbach2008symbiotic,
  title={Symbiotic robot organisms: REPLICATOR and SYMBRION projects},
  author={Kernbach, Serge and Meister, Eugen and Schlachter, Florian and Jebens, Kristof and Szymanski, Marc and Liedke, Jens and Laneri, Davide and Winkler, Lutz and Schmickl, Thomas and Thenius, Ronald and others},
  booktitle={Proceedings of the 8th workshop on performance metrics for intelligent systems},
  pages={62--69},
  year={2008},
  organization={ACM}
}

@article{andre2016evolutionary,
  title={Evolutionary robotics simulations help explain why reciprocity is rare in nature},
  author={Andr{\'e}, Jean-Baptiste and Nolfi, Stefano},
  journal={Scientific reports},
  volume={6},
  pages={32785},
  year={2016},
  publisher={Nature Publishing Group}
}

@inproceedings{knudson2010coevolution,
  title={Coevolution of heterogeneous multi-robot teams},
  author={Knudson, Matt and Tumer, Kagan},
  booktitle={Proceedings of the 12th annual conference on Genetic and evolutionary computation},
  pages={127--134},
  year={2010},
  organization={ACM}
}

@article{waibel2009genetic,
  title={Genetic team composition and level of selection in the evolution of cooperation},
  author={Waibel, Markus and Keller, Laurent and Floreano, Dario},
  journal={IEEE Transactions on Evolutionary Computation},
  volume={13},
  number={3},
  pages={648--660},
  year={2009},
  publisher={IEEE}
}

@inproceedings{luke1996evolving,
  title={Evolving teamwork and coordination with genetic programming},
  author={Luke, Sean and Spector, Lee},
  booktitle={Proceedings of the 1st annual conference on genetic programming},
  pages={150--156},
  year={1996},
  organization={MIT Press}
}

@article{greenwade93,
    author  = "George D. Greenwade",
    title   = "The {C}omprehensive {T}ex {A}rchive {N}etwork ({CTAN})",
    year    = "1993",
    journal = "TUGBoat",
    volume  = "14",
    number  = "3",
    pages   = "342--351"
}
